% Encoding: UTF-8
 @Online{Microsoft2024,
  author    = {John Flores},
  title     = {Wat is Zero Trust?},
  date      = {2024-04-13},
  url       = {https://learn.microsoft.com/nl-nl/security/zero-trust/zero-trust-overview},
  urldate   = {2024-11-13},
}b
 @Online{Kaspersky2024,
  author    = {Kaspersky},
  title     = {Wat is Zero Trust-beveiliging? Belangrijkste voordelen en werking},
  date      = {2024},
  url       = {https://www.kaspersky.nl/resource-center/definitions/zero-trust},
  urldate   = {2024-11-13},
}
 @Online{Netskope2024,
  author    = {Netskope},
  title     = {Netskope Reference Architecture for Zero Trust},
  date      = {2024},
  url       = {https://www.netskope.com/resources/white-papers/netskope-reference-architecture-for-zero-trust},
  urldate   = {2024-12-18},
}
 @Online{MIT2022,
  author    = {Nathan Parde},
  title     = {Zero-trust architecture may hold the answer to cybersecurity insider threats},
  date      = {2022-05-17},
  url       = {https://news.mit.edu/2022/zero-trust-architecture-may-hold-answer-cybersecurity-insider-threats-0517},
  urldate   = {2025-01-23},
}
 @Online{ACM2021,
  author    = {Muyowa Mutemwa, Mfundo Glenn Magango, Noluxolo Gcaza},
  title     = {Managing the Shift in the Enterprise Perimeter in order to delay a Cybersecurity Breach},
  date      = {2021-12-09},
  url       = {https://dl.acm.org/doi/abs/10.1145/3487923.3487925},
  urldate   = {2025-03-02},
}
 @Online{KPN2023,
  author    = {KPN},
  title     = {SASE: dit moet je weten over Secure Access Service Edge},
  date      = {2023-09-18},
  url       = {https://www.kpn.com/zakelijk/thedigitaldutch/blog/wat-is-sase},
  urldate   = {2025-03-15},
}
 @Online{ZPE2025,
  author    = {zpesystems},
  title     = {SASE Implementation: A Step-by-Step Guide for Businesses},
  date      = {2024},
  url       = {https://zpesystems.com/sase-implementation-zs/},
  urldate   = {2025-03-15},
}
@Online{Netskope2025-1,
  author    = {Netskope},
  title     = {Secure Access Service Edge (SASE)},
  date      = {2025},
  url       = {https://www.netskope.com/products/secure-access-service-edge},
  urldate   = {2025-03-28},
}
@Online{Netskope2025-2,
  author    = {Netskope},
  title     = {Zero Trust Engine: Part of Netskope One Platform},
  date      = {2025},
  url       = {https://www.netskope.com/netskope-one/zero-trust-engine},
  urldate   = {2025-03-28},
}
@Online{Netskope2025-3,
  author    = {Netskope},
  title     = {Next Gen Secure Web Gateway (SWG)},
  date      = {2025},
  url       = {https://www.netskope.com/products/next-gen-swg},
  urldate   = {2025-03-28},
}
@Online{Netskope2025-4,
  author    = {Netskope},
  title     = {Cloud Access Security Broker (CASB)},
  date      = {2025},
  url       = {https://www.netskope.com/products/casb},
  urldate   = {2025-03-28},
}
@Online{Netskope2025-5,
  author    = {Netskope},
  title     = {Zero Trust Network Access (ZTNA)},
  date      = {2025},
  url       = {https://www.netskope.com/security-defined/what-is-zero-trust-network-access},
  urldate   = {2025-03-28},
}
@Online{Netskope2025-6,
  author    = {Netskope},
  title     = {Netskope Publisher 1},
  date      = {2025},
  url       = {https://docs.netskope.com/en/publisher-support-policy/},
  urldate   = {2025-04-14},
}
@Online{Netskope2025-7,
  author    = {Netskope},
  title     = {Netskope Publisher 2},
  date      = {2025},
  url       = {https://docs.netskope.com/en/deploy-a-publisher/},
  urldate   = {2025-04-14},
}
@Online{Netskope2025-8,
  author    = {Netskope},
  title     = {Netskope Client},
  date      = {2025},
  url       = {https://docs.netskope.com/en/netskope-client-overview/},
  urldate   = {2025-04-21},
}
@Online{Jamf2025,
  author    = {Jamf},
  title     = {Jamf},
  date      = {2025},
  url       = {https://www.jamf.com/solutions/jamf-for-mac/},
  urldate   = {2025-04-21},
}
@Online{Netskope2025-9,
  author    = {Netskope},
  title     = {Netskope Jamf},
  date      = {2025},
  url       = {https://docs.netskope.com/en/jamf/},
  urldate   = {2025-04-21},
}

@Comment{jabref-meta: databaseType:biblatex;}
