% Encoding: UTF-8
 @Online{Microsoft2024,
  author    = {John Flores, mjcaparas},
  title     = {Wat is Zero Trust?},
  date      = {2024-04-13},
  url       = {https://learn.microsoft.com/nl-nl/security/zero-trust/zero-trust-overview},
  urldate   = {2024-11-13},
}
 @Online{Kaspersky2024,
  author    = {Kaspersky},
  title     = {Wat is Zero Trust-beveiliging? Belangrijkste voordelen en werking},
  date      = {},
  url       = {https://www.kaspersky.nl/resource-center/definitions/zero-trust},
  urldate   = {2024-11-13},
}
@Comment{jabref-meta: databaseType:biblatex;}
